<record><leader>00000cas a22000007a 4500</leader><controlfield tag="001">9636721</controlfield><controlfield tag="008">830623u196419uunyuwr ne      0    0eng d</controlfield><controlfield tag="009">3781</controlfield><datafield ind1=" " ind2=" " tag="010"><subfield code="a">sn 83030699 </subfield></datafield><datafield ind1=" " ind2=" " tag="040"><subfield code="a">NPU</subfield><subfield code="b">eng</subfield><subfield code="c">NPU</subfield></datafield><datafield ind1="1" ind2=" " tag="029"><subfield code="a">AU@</subfield><subfield code="b">000025826649</subfield></datafield><datafield ind1=" " ind2=" " tag="042"><subfield code="a">msc</subfield></datafield><datafield ind1="0" ind2="0" tag="245"><subfield code="a">West side news and the morningsider.</subfield></datafield><datafield ind1=" " ind2=" " tag="260"><subfield code="a">New York :</subfield><subfield code="b">Neighborhood Publications, Inc.,</subfield><subfield code="c">1964-</subfield></datafield><datafield ind1=" " ind2=" " tag="310"><subfield code="a">Weekly</subfield></datafield><datafield ind1="0" ind2=" " tag="362"><subfield code="a">Vol. 17, no. 33 (0ct. 8, 1964)-</subfield></datafield><datafield ind1=" " ind2=" " tag="500"><subfield code="a">Published every Thursday.</subfield></datafield><datafield ind1=" " ind2=" " tag="500"><subfield code="a">"With this issue the West Side News and the Morningsider are combining their resources and skills to report local news and to fight for a better West Side."</subfield></datafield><datafield ind1=" " ind2=" " tag="500"><subfield code="a">Editor: Stan Cohen, 1964-</subfield></datafield><datafield ind1="1" ind2=" " tag="700"><subfield code="a">Cohen, Stan,</subfield><subfield code="e">ed.</subfield></datafield><datafield ind1=" " ind2=" " tag="752"><subfield code="a">United States</subfield><subfield code="b">New York</subfield><subfield code="c">New York</subfield><subfield code="d">New York.</subfield></datafield><datafield ind1="0" ind2="4" tag="780"><subfield code="t">West Side news</subfield><subfield code="w">(DLC)sn 83030615</subfield></datafield><datafield ind1="0" ind2="4" tag="780"><subfield code="t">Morningsider</subfield><subfield code="g">1960-1964</subfield><subfield code="w">(DLC)sn 83030698</subfield></datafield></record>